<record><leader>00000cas a22000007a 4500</leader><controlfield tag="001">13181804</controlfield><controlfield tag="008">860221d1880188uwvuwr ne      0    0eng d</controlfield><datafield ind1=" " ind2=" " tag="010"><subfield code="a">sn 86092240 </subfield></datafield><datafield ind1=" " ind2=" " tag="040"><subfield code="a">WVC</subfield><subfield code="b">eng</subfield><subfield code="c">WVC</subfield><subfield code="d">DLC</subfield><subfield code="d">OCL</subfield><subfield code="d">OCLCQ</subfield></datafield><datafield ind1=" " ind2=" " tag="042"><subfield code="a">msc</subfield></datafield><datafield ind1="0" ind2="0" tag="050"><subfield code="a">Newspaper 10185-X</subfield></datafield><datafield ind1="0" ind2=" " tag="130"><subfield code="a">Broad-ax (Fellowsville, W. Va.)</subfield></datafield><datafield ind1="1" ind2="4" tag="245"><subfield code="a">The Broad-ax.</subfield></datafield><datafield ind1=" " ind2=" " tag="260"><subfield code="a">Fellowsville, W. Va. :</subfield><subfield code="b">John N. Wolff</subfield></datafield><datafield ind1=" " ind2=" " tag="300"><subfield code="a">v. ;</subfield><subfield code="c">41 cm.</subfield></datafield><datafield ind1=" " ind2=" " tag="310"><subfield code="a">Weekly</subfield></datafield><datafield ind1="1" ind2=" " tag="362"><subfield code="a">Began July 21, 1880 issue.</subfield><subfield code="z">Cf. Garner, W. Scott. Press of Preston, 1885.</subfield></datafield><datafield ind1=" " ind2=" " tag="500"><subfield code="a">Published in Newburg, v. 1, no. 15 (Dec. 11, 1880)--v. 1, no. 20 (Feb. 4, 1881).</subfield></datafield><datafield ind1=" " ind2=" " tag="500"><subfield code="a">Editor: [George Purcell.].</subfield></datafield><datafield ind1=" " ind2=" " tag="580"><subfield code="a">Continued by: Newburg enterprise (non-extant).</subfield></datafield><datafield ind1=" " ind2=" " tag="588"><subfield code="a">Description based on: Vol. 1, no. 4 (Aug. 27, 1880).</subfield></datafield><datafield ind1=" " ind2=" " tag="752"><subfield code="a">United States</subfield><subfield code="b">West Virginia</subfield><subfield code="c">Preston</subfield><subfield code="d">Fellowsville.</subfield></datafield><datafield ind1=" " ind2=" " tag="752"><subfield code="a">United States</subfield><subfield code="b">West Virginia</subfield><subfield code="c">Preston</subfield><subfield code="d">Newburg.</subfield></datafield><datafield ind1="1" ind2="0" tag="785"><subfield code="t">Newburg enterprise</subfield></datafield><datafield ind1="1" ind2=" " tag="029"><subfield code="a">AU@</subfield><subfield code="b">000025799929</subfield></datafield></record>